% 下面这句用以支持中文
% !Mode:: "TeX:UTF-8"

%%% Local Variables:
%%% mode: latex
%%% TeX-master: t
%%% End:

@inproceedings{he2012influence,
  title={Influence Blocking Maximization in Social Networks under the Competitive Linear Threshold Model.},
  author={He, Xinran and Song, Guojie and Chen, Wei and Jiang, Qingye},
  booktitle={SDM},
  pages={463--474},
  year={2012},
  organization={SIAM}
}

@inproceedings{kempe2003maximizing,
  title={Maximizing the spread of influence through a social network},
  author={Kempe, David and Kleinberg, Jon and Tardos, {\'E}va},
  booktitle={Proceedings of the ninth ACM SIGKDD international conference on Knowledge discovery and data mining},
  pages={137--146},
  year={2003},
  organization={ACM}
}

@inproceedings{chen2011influence,
  title={Influence Maximization in Social Networks When Negative Opinions May Emerge and Propagate.},
  author={Chen, Wei and Collins, Alex and Cummings, Rachel and Ke, Te and Liu, Zhenming and Rincon, David and Sun, Xiaorui and Wang, Yajun and Wei, Wei and 	Yuan, Yifei},
  booktitle={SDM},
  volume={11},
  pages={379--390},
  year={2011},
  organization={SIAM}
}

@inproceedings{chen2010scalableKDD,
  title={Scalable influence maximization for prevalent viral marketing in large-scale social networks},
  author={Chen, Wei and Wang, Chi and Wang, Yajun},
  booktitle={Proceedings of the 16th ACM SIGKDD international conference on Knowledge discovery and data mining},
  pages={1029--1038},
  year={2010},
  organization={ACM}
}

@inproceedings{chen2010scalableICDM,
  title={Scalable influence maximization in social networks under the linear threshold model},
  author={Chen, Wei and Yuan, Yifei and Zhang, Li},
  booktitle={Data Mining (ICDM), 2010 IEEE 10th International Conference on},
  pages={88--97},
  year={2010},
  organization={IEEE}
}

@article{kitsak2010identification,
  title={Identification of influential spreaders in complex networks},
  author={Kitsak, Maksim and Gallos, Lazaros K and Havlin, Shlomo and Liljeros, Fredrik and Muchnik, Lev and Stanley, H Eugene and Makse, Hern{\'a}n A},
  journal={Nature Physics},
  volume={6},
  number={11},
  pages={888--893},
  year={2010},
  publisher={Nature Publishing Group}
}


@inproceedings{domingos2001mining,
  title={Mining the network value of customers},
  author={Domingos, Pedro and Richardson, Matt},
  booktitle={Proceedings of the seventh ACM SIGKDD international conference on Knowledge discovery and data mining},
  pages={57--66},
  year={2001},
  organization={ACM}
}

@inproceedings{richardson2002mining,
  title={Mining knowledge-sharing sites for viral marketing},
  author={Richardson, Matthew and Domingos, Pedro},
  booktitle={Proceedings of the eighth ACM SIGKDD international conference on Knowledge discovery and data mining},
  pages={61--70},
  year={2002},
  organization={ACM}
}

@inproceedings{kempe2003maximizing,
  title={Maximizing the spread of influence through a social network},
  author={Kempe, David and Kleinberg, Jon and Tardos, {\'E}va},
  booktitle={Proceedings of the ninth ACM SIGKDD international conference on Knowledge discovery and data mining},
  pages={137--146},
  year={2003},
  organization={ACM}
}

@inproceedings{chen2009efficient,
  title={Efficient influence maximization in social networks},
  author={Chen, Wei and Wang, Yajun and Yang, Siyu},
  booktitle={Proceedings of the 15th ACM SIGKDD international conference on Knowledge discovery and data mining},
  pages={199--208},
  year={2009},
  organization={ACM}
}

@inproceedings{leskovec2007cost,
  title={Cost-effective outbreak detection in networks},
  author={Leskovec, Jure and Krause, Andreas and Guestrin, Carlos and Faloutsos, Christos and VanBriesen, Jeanne and Glance, Natalie},
  booktitle={Proceedings of the 13th ACM SIGKDD international conference on Knowledge discovery and data mining},
  pages={420--429},
  year={2007},
  organization={ACM}
}

@incollection{han2014balanced,
  title={Balanced Seed Selection for Budgeted Influence Maximization in Social Networks},
  author={Han, Shuo and Zhuang, Fuzhen and He, Qing and Shi, Zhongzhi},
  booktitle={Advances in Knowledge Discovery and Data Mining},
  pages={65--77},
  year={2014},
  publisher={Springer}
}

@article{nguyen2013budgeted,
  title={On budgeted influence maximization in social networks},
  author={Nguyen, Huy and Zheng, Rong},
  journal={Selected Areas in Communications, IEEE Journal on},
  volume={31},
  number={6},
  pages={1084--1094},
  year={2013},
  publisher={IEEE}
}


@article{lu2011leaders,
  title={Leaders in social networks, the delicious case},
  author={L{\"u}, Linyuan and Zhang, Yi-Cheng and Yeung, Chi Ho and Zhou, Tao},
  journal={PloS one},
  volume={6},
  number={6},
  pages={e21202},
  year={2011},
  publisher={Public Library of Science}
}

@article{qing2013new,
  title={A new approach to identify influential spreaders in complex networks},
  author={Qing-Cheng, Hu and Yan-Shen, Yin and Peng-Fei, Ma and Yang, Gao and Yong, Zhang and Chun-Xiao, Xing},
  year={2013}
}

@article{zhuo2013node,
  title={Node importance measurement based on the degree and clustering coefficient information},
  author={Zhuo-Ming, Ren and Feng, Shao and Jian-Guo, Liu and Qiang, Guo and Bing-Hong, Wang},
  year={2013}
}

@article{kitsak2010identification,
  title={Identification of influential spreaders in complex networks},
  author={Kitsak, Maksim and Gallos, Lazaros K and Havlin, Shlomo and Liljeros, Fredrik and Muchnik, Lev and Stanley, H Eugene and Makse, Hern{\'a}n A},
  journal={Nature Physics},
  volume={6},
  number={11},
  pages={888--893},
  year={2010},
  publisher={Nature Publishing Group}
}

@inproceedings{goyal2011celf++,
  title={Celf++: optimizing the greedy algorithm for influence maximization in social networks},
  author={Goyal, Amit and Lu, Wei and Lakshmanan, Laks VS},
  booktitle={Proceedings of the 20th international conference companion on World wide web},
  pages={47--48},
  year={2011},
  organization={ACM}
}

@inproceedings{zhou2013ublf,
  title={Ublf: An upper bound based approach to discover influential nodes in social networks},
  author={Zhou, Chuan and Zhang, Peng and Guo, Jing and Zhu, Xingquan and Guo, Li},
  booktitle={Data Mining (ICDM), 2013 IEEE 13th International Conference on},
  pages={907--916},
  year={2013},
  organization={IEEE}
}

@article{bonacich1972factoring,
  title={Factoring and weighting approaches to status scores and clique identification},
  author={Bonacich, Phillip},
  journal={Journal of Mathematical Sociology},
  volume={2},
  number={1},
  pages={113--120},
  year={1972},
  publisher={Taylor \& Francis}
}

@incollection{bharathi2007competitive,
  title={Competitive influence maximization in social networks},
  author={Bharathi, Shishir and Kempe, David and Salek, Mahyar},
  booktitle={Internet and Network Economics},
  pages={306--311},
  year={2007},
  publisher={Springer}
}

@article{alon2010note,
  title={A note on competitive diffusion through social networks},
  author={Alon, Noga and Feldman, Michal and Procaccia, Ariel D and Tennenholtz, Moshe},
  journal={Information Processing Letters},
  volume={110},
  number={6},
  pages={221--225},
  year={2010},
  publisher={Elsevier}
}

@article{takehara2012comment,
  title={A comment on pure-strategy Nash equilibria in competitive diffusion games},
  author={Takehara, Reiko and Hachimori, Masahiro and Shigeno, Maiko},
  journal={Information processing letters},
  volume={112},
  number={3},
  pages={59--60},
  year={2012},
  publisher={Elsevier}
}

@incollection{tzoumas2012game,
  title={A game-theoretic analysis of a competitive diffusion process over social networks},
  author={Tzoumas, Vasileios and Amanatidis, Christos and Markakis, Evangelos},
  booktitle={Internet and Network Economics},
  pages={1--14},
  year={2012},
  publisher={Springer}
}

@article{boccaletti2006cn,
  author = {S. Boccaletti and V. Latora and Y. Moreno and M. Chavez and D.-U. Hwang},
  title = {{Complex networks: Structure and dynamics}},
  journal = {Physics Reports-review Section of Physics Letters},
  volume = {424},
  year = {2006},
  pages = {175--308},
  issue = {4},
  doi = {10.1016/j.physrep.2005.10.009},
  masid = {4155282}
}

@inproceedings{mislove2007measurement,
  title={Measurement and analysis of online social networks},
  author={Mislove, Alan and Marcon, Massimiliano and Gummadi, Krishna P and Druschel, Peter and Bhattacharjee, Bobby},
  booktitle={Proceedings of the 7th ACM SIGCOMM conference on Internet measurement},
  pages={29--42},
  year={2007},
  organization={ACM}
}

@article{cohen2003scale,
  title={Scale-free networks are ultrasmall},
  author={Cohen, Reuven and Havlin, Shlomo},
  journal={Physical review letters},
  volume={90},
  number={5},
  pages={058701},
  year={2003},
  publisher={APS}
}

@inproceedings{carnes2007maximizing,
  title={Maximizing influence in a competitive social network: a follower's perspective},
  author={Carnes, Tim and Nagarajan, Chandrashekhar and Wild, Stefan M and Van Zuylen, Anke},
  booktitle={Proceedings of the ninth international conference on Electronic commerce},
  pages={351--360},
  year={2007},
  organization={ACM}
}

@inproceedings{hu2015rmdn,
  title={RMDN: New Approach to Maximize Influence Spread},
  author={Hu, Qingcheng and Zhang, Yong and Xu, Xinhui and Li, Chao and Xing, Chunxiao},
  booktitle={Computer Software and Applications Conference (COMPSAC), 2015 IEEE 39th Annual},
  volume={2},
  pages={702--711},
  year={2015},
  organization={IEEE}
}

@inproceedings{goyal2011simpath,
  title={Simpath: An efficient algorithm for influence maximization under the linear threshold model},
  author={Goyal, Amit and Lu, Wei and Lakshmanan, Laks VS},
  booktitle={Data Mining (ICDM), 2011 IEEE 11th International Conference on},
  pages={211--220},
  year={2011},
  organization={IEEE}
}

@incollection{kimura2006tractable,
  title={Tractable models for information diffusion in social networks},
  author={Kimura, Masahiro and Saito, Kazumi},
  booktitle={Knowledge Discovery in Databases: PKDD 2006},
  pages={259--271},
  year={2006},
  publisher={Springer}
}

@article{bonacich1972factoring,
  title={Factoring and weighting approaches to status scores and clique identification},
  author={Bonacich, Phillip},
  journal={Journal of Mathematical Sociology},
  volume={2},
  number={1},
  pages={113--120},
  year={1972},
  publisher={Taylor \& Francis}
}

@article{page1999pagerank,
  title={The PageRank citation ranking: bringing order to the web.},
  author={Page, Lawrence and Brin, Sergey and Motwani, Rajeev and Winograd, Terry},
  year={1999},
  publisher={Stanford InfoLab}
}

@article{barabasi1999emergence,
  title={Emergence of scaling in random networks},
  author={Barab{\'a}si, Albert-L{\'a}szl{\'o} and Albert, R{\'e}ka},
  journal={science},
  volume={286},
  number={5439},
  pages={509--512},
  year={1999},
  publisher={American Association for the Advancement of Science}
}

@article{adamic2000power,
  title={Power-law distribution of the world wide web},
  author={Adamic, Lada A and Huberman, Bernardo A},
  journal={Science},
  volume={287},
  number={5461},
  pages={2115--2115},
  year={2000},
  publisher={American Association for the Advancement of Science}
}

@article{watts1998collective,
  title={Collective dynamics of ‘small-world’networks},
  author={Watts, Duncan J and Strogatz, Steven H},
  journal={nature},
  volume={393},
  number={6684},
  pages={440--442},
  year={1998},
  publisher={Nature Publishing Group}
}

@article{zhou2004rich,
  title={The rich-club phenomenon in the Internet topology},
  author={Zhou, Shi and Mondrag{\'o}n, Ra{\'u}l J},
  journal={Communications Letters, IEEE},
  volume={8},
  number={3},
  pages={180--182},
  year={2004},
  publisher={IEEE}
}